<record><leader>00000cas a22000007a 4500</leader><controlfield tag="001">24146554</controlfield><controlfield tag="008">910729d18661866nyudn ne      0    0eng d</controlfield><datafield ind1=" " ind2=" " tag="010"><subfield code="a">sn 91066651 </subfield></datafield><datafield ind1=" " ind2=" " tag="040"><subfield code="a">NYS</subfield><subfield code="b">eng</subfield><subfield code="c">NYS</subfield><subfield code="d">OCLCQ</subfield></datafield><datafield ind1=" " ind2=" " tag="042"><subfield code="a">msc</subfield></datafield><datafield ind1="0" ind2="0" tag="245"><subfield code="a">Newburgh daily city press.</subfield></datafield><datafield ind1="3" ind2="0" tag="246"><subfield code="a">Daily city press</subfield></datafield><datafield ind1=" " ind2=" " tag="260"><subfield code="a">Newburgh, N.Y. :</subfield><subfield code="b">E.M. Ruttenber,</subfield><subfield code="c">1866.</subfield></datafield><datafield ind1=" " ind2=" " tag="300"><subfield code="a">1 v.</subfield></datafield><datafield ind1=" " ind2=" " tag="310"><subfield code="a">Daily (except Sunday)</subfield></datafield><datafield ind1="1" ind2=" " tag="362"><subfield code="a">Began with Jan. 18, 1866 issue?</subfield></datafield><datafield ind1="0" ind2=" " tag="362"><subfield code="a">-new ser. v. 1, no. 5 (Jan. 23, 1866).</subfield></datafield><datafield ind1=" " ind2=" " tag="580"><subfield code="a">Weekly ed.: Newburgh telegraph (Newburgh, N.Y. : 1866).</subfield></datafield><datafield ind1=" " ind2=" " tag="588"><subfield code="a">Description based on: New ser. vol. 1, no. 2 (Jan. 19, 1866).</subfield></datafield><datafield ind1=" " ind2="4" tag="651"><subfield code="a">Newburgh (N.Y.)</subfield><subfield code="v">Newspapers.</subfield></datafield><datafield ind1=" " ind2=" " tag="752"><subfield code="a">United States</subfield><subfield code="b">New York</subfield><subfield code="c">Orange</subfield><subfield code="d">Newburgh.</subfield></datafield><datafield ind1="1" ind2=" " tag="775"><subfield code="t">Newburgh telegraph (Newburgh, N.Y. : 1866)</subfield><subfield code="w">(DLC)sn 83031436</subfield><subfield code="w">(OCoLC)9845392</subfield></datafield><datafield ind1="0" ind2="0" tag="780"><subfield code="t">Newburgh daily telegraph (Newburgh, N.Y. : 1862)</subfield><subfield code="w">(DLC)sn 83031462</subfield><subfield code="w">(OCoLC)9857834</subfield></datafield><datafield ind1="0" ind2="0" tag="785"><subfield code="t">City press (Newburgh, N.Y.)</subfield><subfield code="w">(DLC)sn 91066650</subfield><subfield code="w">(OCoLC)24146507</subfield></datafield><datafield ind1="1" ind2=" " tag="029"><subfield code="a">AU@</subfield><subfield code="b">000025849784</subfield></datafield></record>